<record><leader>00000cas a22000007a 4500</leader><controlfield tag="001">23664890</controlfield><controlfield tag="008">910430d18901890nyucr ne      0    0eng d</controlfield><datafield ind1=" " ind2=" " tag="010"><subfield code="a">sn 91066096 </subfield></datafield><datafield ind1=" " ind2=" " tag="040"><subfield code="a">NYS</subfield><subfield code="b">eng</subfield><subfield code="c">NYS</subfield><subfield code="d">OCLCQ</subfield></datafield><datafield ind1=" " ind2=" " tag="042"><subfield code="a">msc</subfield></datafield><datafield ind1="0" ind2=" " tag="130"><subfield code="a">Syracuse standard (Syracuse, N.Y. : Semiweekly)</subfield></datafield><datafield ind1="1" ind2="0" tag="245"><subfield code="a">Syracuse standard.</subfield></datafield><datafield ind1=" " ind2=" " tag="260"><subfield code="a">Syracuse, N.Y. :</subfield><subfield code="b">[Standard Pub. Co.],</subfield><subfield code="c">1890.</subfield></datafield><datafield ind1=" " ind2=" " tag="300"><subfield code="a">v.</subfield></datafield><datafield ind1=" " ind2=" " tag="310"><subfield code="a">Semiweekly</subfield></datafield><datafield ind1="0" ind2=" " tag="362"><subfield code="a">Sept. 2, 1890.</subfield></datafield><datafield ind1=" " ind2="4" tag="651"><subfield code="a">Syracuse (N.Y.)</subfield><subfield code="v">Newspapers.</subfield></datafield><datafield ind1=" " ind2=" " tag="752"><subfield code="a">United States</subfield><subfield code="b">New York</subfield><subfield code="c">Onondaga</subfield><subfield code="d">Syracuse.</subfield></datafield><datafield ind1="0" ind2=" " tag="775"><subfield code="t">Syracuse daily standard (Syracuse, N.Y. : 1884)</subfield><subfield code="w">(DLC)sn 91066098</subfield><subfield code="w">(OCoLC)23669145</subfield></datafield><datafield ind1="0" ind2="0" tag="780"><subfield code="t">Syracuse weekly standard</subfield><subfield code="w">(DLC)sn 86053081</subfield><subfield code="w">(OCoLC)13147455</subfield></datafield><datafield ind1="0" ind2="0" tag="785"><subfield code="t">Syracuse semi-weekly standard</subfield><subfield code="w">(DLC)sn 91066097</subfield><subfield code="w">(OCoLC)23664891</subfield></datafield><datafield ind1="1" ind2=" " tag="029"><subfield code="a">AU@</subfield><subfield code="b">000025902811</subfield></datafield></record>